<record><leader>00000cas a22000007a 4500</leader><controlfield tag="001">20108761</controlfield><controlfield tag="008">890801c19uu9999hiudn ne      0   k0eng d</controlfield><datafield ind1=" " ind2=" " tag="010"><subfield code="a">sn 89008506 </subfield></datafield><datafield ind1=" " ind2=" " tag="040"><subfield code="a">NSD</subfield><subfield code="b">eng</subfield><subfield code="c">NSD</subfield><subfield code="d">OCLCQ</subfield></datafield><datafield ind1=" " ind2=" " tag="066"><subfield code="c">$1</subfield></datafield><datafield ind1=" " ind2=" " tag="012"><subfield code="m">1</subfield></datafield><datafield ind1="1" ind2=" " tag="022"><subfield code="a">1045-4217</subfield><subfield code="l">1045-4217</subfield><subfield code="2">1</subfield></datafield><datafield ind1=" " ind2=" " tag="032"><subfield code="a">004082</subfield><subfield code="b">USPS</subfield></datafield><datafield ind1=" " ind2=" " tag="037"><subfield code="b">The Korea Central Daily of Hawaii, 825 Keeaumoku St., #250-A, Honolulu, HI 96814</subfield></datafield><datafield ind1=" " ind2=" " tag="042"><subfield code="a">nsdp</subfield><subfield code="a">msc</subfield></datafield><datafield ind1="0" ind2=" " tag="130"><subfield code="6">880-01</subfield><subfield code="a">Chungang ilbo (Hawai p&#699;an)</subfield></datafield><datafield ind1=" " ind2="0" tag="222"><subfield code="a">Chungang ilbo</subfield><subfield code="b">(Hawai p&#699;an)</subfield></datafield><datafield ind1="0" ind2="0" tag="245"><subfield code="6">880-02</subfield><subfield code="a">Chungang ilbo =</subfield><subfield code="b">The Korea central daily of Hawaii.</subfield></datafield><datafield ind1="3" ind2="1" tag="246"><subfield code="a">Korea central daily of Hawaii</subfield></datafield><datafield ind1="1" ind2=" " tag="246"><subfield code="i">Issues for &lt;Sept. 14, 2001-&gt; have English title:</subfield><subfield code="a">Korea daily of Hawaii</subfield></datafield><datafield ind1=" " ind2=" " tag="250"><subfield code="6">880-03</subfield><subfield code="a">Hawai p&#699;an.</subfield></datafield><datafield ind1=" " ind2=" " tag="260"><subfield code="a">[Honolulu, HI :</subfield><subfield code="b">Korea Central Daily of Hawaii]</subfield></datafield><datafield ind1=" " ind2=" " tag="300"><subfield code="a">v.</subfield></datafield><datafield ind1=" " ind2=" " tag="310"><subfield code="a">Daily (except Monday and the day after national holidays, with a special issue on Jan. 1)</subfield></datafield><datafield ind1=" " ind2=" " tag="515"><subfield code="a">Issues for &lt;1989-yo&#774;n 6-wo&#774;l 24-il-&gt; called also: &lt;Vol. 7327 (June 24, 1989)-&gt;</subfield></datafield><datafield ind1=" " ind2=" " tag="588"><subfield code="a">Description based on: Che 7327-ho (1989-yo&#774;n 6-wo&#774;l 24-il).</subfield></datafield><datafield ind1=" " ind2=" " tag="752"><subfield code="a">United States</subfield><subfield code="b">Hawaii</subfield><subfield code="c">Honolulu</subfield><subfield code="d">Honolulu.</subfield></datafield><datafield ind1="0" ind2=" " tag="775"><subfield code="t">Chungang ilbo</subfield></datafield><datafield ind1="0" ind2=" " tag="880"><subfield code="6">130-01/$1</subfield><subfield code="a">&#20013;&#22830;&#26085;&#22577; (&#54616;&#50752;&#51060;&#29256;)</subfield></datafield><datafield ind1="0" ind2="0" tag="880"><subfield code="6">245-02/$1</subfield><subfield code="a">&#20013;&#22830;&#26085;&#22577; =</subfield><subfield code="b">The Korea central daily of Hawaii.</subfield></datafield><datafield ind1=" " ind2=" " tag="880"><subfield code="6">250-03/$1</subfield><subfield code="a">&#54616;&#50752;&#51060;&#29256;.</subfield></datafield><datafield ind1="1" ind2=" " tag="029"><subfield code="a">AU@</subfield><subfield code="b">000020564749</subfield></datafield></record>